% Background
@article{Zinkle:2013,
  author={S. J. Zinkle and G. S. Was},
  year={2013},
  journal={Acta Mater.},
  volume={61},
  pages={735-758}
}

@article{Beyerlein:2013,
  author={I. J. Beyerlein and A. Caro and M. J. Demkowicz and N. A. Mara and A. Misra and B. P. Uberuaga},
  year={2013},
  journal={Mater. Today},
  volume={16},
  pages={443-449}
}

@article{Krasheninnikov:2010,
  author={A. V. Krasheninnikov and K. Nordlund},
  year={2010},
  journal={J. Appl. Phys.},
  volume={107},
  pages={071301}
}

@article{Bai:2010,
  author={X. M. Bai and A. F. Voter and R. G. Hoagland and M. Nastasi and B. P. Uberuaga},
  year={2010},
  journal={Science},
  volume={327},
  pages={1631-1634}
}

% Nano-crystal
@article{Kilmametov:2008,
  author={A. R. Kilmametov and D. V. Gunderov and R. Z. Valiev and A. G. Baloghc and H. Hahn},
  year={2008},
  journal={Script. Mater.},
  volume={59},
  pages={1027-1030}
}

@article{Chang:2012,
  author={Y. Q. Chang and Y. W. Zhang and Z. H. Zhu and P. D. Edmondson and W. J. Weber},
  year={2012},
  journal={Nucl. Inst. Meth. Phys. Res. B},
  volume={286},
  pages={173-179}
}

@article{Zhang:2009,
  author={Y. W. Zhang and I. T. Bae and K. Sun and C. M. Wang and M. Ishimaru and Z. H Zhu and W. L. Jiang and W. J. Weber},
  year={2009},
  journal={J. Appl. Phy.},
  volume={105},
  pages={104901}
}

@article{Paul:2013,
  author={H. Paul},
  year={2013},
  journal={AIP Conf. Proc.},
  volume={1525},
  pages={309-313}
}

@article{Yu:2012,
  author={K. Y. Yu and Y. Liu and C. Sun and H. Wang and L. Shao and E. G. Fu and X. Zhang},
  year={2012},
  journal={J. Nucl. Mater.},
  volume={425},
  pages={140-146}
}

@article{El-Atwani:2014,
  author={O. El-Atwani and J. A. Hinks and G. Greaves and S. Gonderman and T. Qiu and M. Efe and J. P. Allain},
  year={2014},
  journal={Sci. Rep.},
  volume={4},
  pages={4716}
}

@article{Li:2014,
  author={Q. Li and C. M. Parish and K. A. Powers and M. K. Miller},
  year={2014},
  journal={J. Nucl .Mater.},
  volume={445},
  pages={165-174}
}

@article{Park:2009,
  author={N. Y. Park and P. R. Cha and Y. C. Kim and H. K. Seok and S. H. Han and S. C. Lee and S. Cho and H. Jung},
  year={2009},
  journal={Met. Mater. Int.},
  volume={15},
  pages={447-452}
}

@article{Piaggi:2015,
  author={P. M. Piaggi and E. M. Bringa and R. C. Pasianot and N. Gordillo and M. Panizo-Laiz and J. del Rio and C. Gomez de Castro and R. Gonzalez-Arrabal},
  year={2015},
  journal={J. Nucl .Mater.},
  volume={458},
  pages={233-239}
}

%Multi-layer
@article{Gao:2011,
  author={Y. Gao and T. F. Yang and J. M. Xue and S. Yan and S. Q. Zhou and Y. G. Wang and D. T. K. Kwok and P. K. Chu and Y. W. Zhang},
  year={2011},
  journal={J. Nucl. Mater.},
  volume={413},
  pages={11-15}
}

@article{Li:2012,
  author={N. Li and M. Nastasi and A. Misra},
  year={2012},
  journal={Inter. J. Plastic.},
  volume={32-33},
  pages={1-16}
}

@article{Fu:2013,
  author={E. G. Fu and H. Wang and J. Carter and L. Shao and Y. Q. Wang and X. Zhang},
  year={2013},
  journal={Phil. Mag.},
  volume={93},
  pages={883-898}
}

@article{Chen:2014,
  author={F. D. Chen and X. B. Tang and Y. H. Yang and H. Huang and D. Chen},
  year={2014},
  journal={J. Nucl. Mater.},
  volume={452},
  pages={31-36}
}

@article{Chen2:2014,
  author={Y. Chen, L. Jiao and C. Sun and M. Song and K. Y. Yu and Y. Liu and M. Kirk and M. Li and H. Wang and X. Zhang},
  year={2014},
  journal={J. Nucl. Mater.},
  volume={452},
  pages={321-327}
}

@article{Mao:2015,
  author={S. M. Mao and S. P. Shu and J. Zhou and R. S. Averback and S. J. Dillon},
  year={2015},
  journal={Acta. Mater.},
  volume={82},
  pages={328-335}
}

@article{Chen:2015,
  author={Y. Chen and Y. Liu and E. G. Fu and C. Sun and K. Y. Yu and M. Song and J. Li and Y. Q. Wang and H. Wang and X. Zhang},
  year={2015},
  journal={Acta. Mater.},
  volume={84},
  pages={393-404}
}

@article{Setyawan:2014,
  author={W. Setyawan and M. Gerboth and B. Yao and C. H. Henager and A. Devaraj and V. R. S. R. Vemuri and S. Thevuthasan and V. Shutthanandan},
  year={2014},
  journal={J. Nucl. Mater.},
  volume={445},
  pages={262-271}
}

% Nanoporous
@article{Yang:2012,
  author={T. F. Yang and X. J. Huang and C. X. Wang and Y. W. Zhang and J. M. Xue and S. Yan and Y. G. Wang},
  year={2012},
  journal={J. Nucl. Mater.},
  volume={427},
  pages={225-232}
}

@article{Bringa:2012,
  author={E. M. Bringa and J. D. Monk and A. Caro and A. Misra and L. Zepeda-Ruiz and M. Duchaineau and F. Abraham and M. Nastasi and S. T. Picraux and Y. Q. Wang and D. Farkas},
  year={2012},
  journal={Nano Lett.},
  volume={12},
  pages={3351-3355}
}

@article{Sun:2014,
  author={C. Sun and D. Bufford and Y. Chen and M. A. Kirk and Y. Q. Wang and M. Li and H. Wang and S. A. Maloy and X. Zhang},
  year={2014},
  journal={Sci. Rep.},
  volume={4},
  pages={3737}
}

@article{Anders:2015,
  author={C. Anders and E. M. Bringa and H. M. Urbassek},
  year={2015},
  journal={Nucl. Inst. Meth. Phys. Res. B},
  volume={342},
  pages={234-239}
}

% Nanowire
@article{Bettge:2012,
  author={M. Bettge and S. MacLaren and S. Burdin and R. T. Haasch and D. Abraham and I. Petrov and M. F. Yu and E. Sammann},
  year={2012},
  journal={Nanotech.},
  volume={23},
  pages={175302}
}

@article{Liontas:2014,
  author={R. Liontas and X. W. Gu and E. G. Fu and Y. Q. Wang and N. Li and N. Mara and J. R. Greer},
  year={2014},
  journal={Nano Lett},
  volume={14},
  pages={5176-5183}
}

@article{Landau:2014,
  author={P. Landau and Q. Guo and K. Hattar and J. R. Greer},
  year={2014},
  journal={Adv. Funct. Mater.},
  volume={23},
  pages={1281-1288}
}

@article{Ren:2012,
  author={W. Ren and A. Kuronen and K. Nordlund},
  year={2012},
  journal={Phys. Rev. B},
  volume={86},
  pages={104114}
}

@article{Ilinov:2014,
  author={A. Ilinov and A. Kuronen and K. Nordlund and G. Greaves and J. A. Hinks and P. Busby and N. J. Mellors and S. E. Donnelly},
  year={2014},
  journal={Nucl. Inst. Meth. Phys. Res. B},
  volume={341},
  pages={17-21}
}

% ODS
@article{Lescoat:2012,
  author={M-L. Lescoat and J. Ribis and A. Gentils and O. Kaitasov and Y. de Carlan and A. Legris},
  year={2012},
  journal={J. Nucl. Mater.},
  volume={428},
  pages={176-182}
}

@article{Chen:2013,
  author={J. Chen and P. Jung and J. Henry and Y. de Carlan and T. Sauvage and F. Duval and M. F. Barthe and W. Hoffelner},
  year={2013},
  journal={J. Nucl. Mater.},
  volume={437},
  pages={432-437}
}

@article{Brimbal:2014,
  author={D. Brimbal and S. Miro and V. de Castro and S. Poissonnet and P. Trocellier and Y. Serruys and L. Beck},
  year={2014},
  journal={J. Nucl. Mater.},
  volume={447},
  pages={179-182}
}

@article{Fave:2014,
  author={L. Fave and M. A. Pouchon and M. Dobeli and M. Schulte-Borchers and A. Kimura},
  year={2014},
  journal={J. Nucl. Mater.},
  volume={445},
  pages={235-240}
}

@article{Huang:2014,
  author={Z. J. Huang and A. Harris and S. A. Maloy and P. Hosemann},
  year={2014},
  journal={J. Nucl. Mater.},
  volume={451},
  pages={162-167}
}

@article{Lazauskas:2013,
  author={T. Lazauskas and S. D. Kenny and R. Smith and G. Nagra and M. Dholakia and M. C. Valsakumar},
  year={2013},
  journal={J. Nucl. Mater.},
  volume={437},
  pages={317-325}
}

% PFMs
@article{Kajita:2009,
  author={S. Kajita and W. Sakaguchi and N. Ohno and N. Yoshida and T. Saeki},
  year={2009},
  journal={Nucl. Fusion},
  volume={49},
  pages={095005}
}

@article{El-Atwani:2013,
  author={O. El-Atwani and M. Efe and B. Heim and J. P. Allain},
  year={2013},
  journal={J. Nucl. Mater.},
  volume={434},
  pages={170-177}
}

@article{Efe:2014,
  author={M. Efe and O. El-Atwani and Y. Guo and D. R. Klenosky},
  year={2014},
  journal={Script. Mater.},
  volume={70},
  pages={31-34}
}


@article{Wirth:2014,
  author={B. D. Wirth and K. D. Hammond and S. I. Krasheninnikov and D. Maroudas},
  year={2014},
  journal={J. Nucl. Mater.},
  volume={in press},
  pages={}
}

@article{Liu:2012,
  author={X. Y. Liu and B. P. Uberuaga and M. J. Demkowicz and T. C. Germann and A. Misra and M. Nastasi},
  year={2012},
  journal={Phys. Rev. B},
  volume={85},
  pages={012103}
}

@article{Tschopp:2012,
  author={M. A. Tschopp and K. N. Solanki and F. Gao and X. Sun and M. A. Khaleel and M. F. Horstemeyer},
  year={2012},
  journal={Phys. Rev. B},
  volume={85},
  pages={064108}
}

@article{Chen:2013,
  author={D. Chen and J. Wang and T. Y. Chen and L. Shao},
  year={2013},
  journal={Sci. Rep.},
  volume={3},
  pages={1450}
}


@article{Borovikov:2013,
  author={V. Borovikov and X. Z. Tang and D. Perez and X. M. Bai and B. P. Uberuaga and A. F. Voter},
  year={2013},
  journal={Nucl. Fusion},
  volume={53},
  pages={063001}
}

@article{Ackland:2010,
  author={G.J. Ackland},
  year={2010},
  journal={Science},
  volume={327},
  pages={1587-1588}
}


@book{Was:2012,
  author={G. S. Was and R. S. Averback},
  title={Comprehensive Nuclear Materials: 1.07 Radiation Damage Using Ion Beams},
  publisher={Eds. R. J. M. Konings, Elsevier},
  year={2012},
  address={Amsterdam},
  edition={}
}
% ISBN: 978-0-08-056027-4

@article{Skinner:2008,
  author={C. H. Skinner and A. A. Haasz and V. Kh. Alimov and N. Bekris and R. A. Causey and R. E. H. Clark and J. P. Coad and J. W. Davis and R. P. Doerner and M. Mayer and A. Pisarev and J. Roth and T. Tanabe},
  year={2008},
  journal={Fusion Sci. Tech.},
  volume={54},
  pages={891-945}
}

@article{Dhara:2007,
  author={S. Dhara},
  year={2007},
  journal={Crit. Rev. Solid State Mater. Sci.},
  volume={32},
  pages={1-50}
}

@article{Borschel:2011,
  author={C. Borschel and C. Ronning},
  year={2011},
  journal={Nucl. Inst. Meth. Phys. Res. B},
  volume={269},
  pages={2133-2138}
}

@article{Mayer:2006,
  author={M. Mayer and K. Arstila and K. Nordlund and E. Edelmann and J. Keinonen},
  year={2006},
  journal={Nucl. Inst. Meth. Phys. Res. B},
  volume={249},
  pages={823-827}
}

@article{Ortiz:2014,
  author={C. J. Ortiz and A. Souidi and C. S. Becquart and C. Domaind and M. Hou},
  year={2014},
  journal={Rad. Eff. Def. Solids},
  volume={169},
  pages={592-602}
}

@article{Rauhala:2006,
  author={E. Rauhala and N. P. Barradas and S. Fazinic and M. Mayer and E. Szilagyi and M. Thompson},
  year={2006},
  journal={Nucl. Inst. Meth. Phys. Res. B},
  volume={244},
  pages={436-456}
}

@article{Ziegler:2010,
  author={J. F. Ziegler and M. D. Ziegler and J. P. Biersack},
  year={2010},
  journal={Nucl. Inst. Meth. Phys. Res. B},
  volume={268},
  pages={1818-1823; SRIM website, http://www.srim.org}
}

@article{Hernandez-Mangas:2002,
  author={J. M. Hernandez-Mangas and J. Arias and L. Bailon and M. Jaraiz and J. Barbolla},
  year={2002},
  journal={J. Appl. Phys.},
  volume={91},
  pages={658-667}
}

@article{Tian:2003,
  author={S. Y. Tian},
  year={2003},
  journal={J. Appl. Phys.},
  volume={93},
  pages={5893-5904}
}

@article{Schiettekatte:2008,
  author={F. Schiettekatte},
  year={2008},
  journal={Nucl. Inst. Meth. Phys. Res. B},
  volume={266},
  pages={1880-1885}
}

@article{Santos:2009,
  author={I. Santos and L. A. Marques and Lourdes Pelaz and Pedro Lopez},
  year={2009},
  journal={J. Appl. Phys.},
  volume={105},
  pages={083530}
}

@article{Takayama:2011,
  author={A. Takayama and S. Saito and A. M. Ito and T. Kenmotsu and H. Nakamura},
  year={2011},
  journal={Jan. J. Appl. Phys.},
  volume={50},
  pages={01AB03}
}

@article{Hu:2012,
  author={A. Hu and A. Hassanein},
  year={2012},
  journal={Nucl. Inst. Meth. Phys. Res. B},
  volume={281},
  pages={15-20}
}

@article{Moller:2014,
  author={W. Moller},
  year={2014},
  journal={Nucl. Inst. Meth. Phys. Res. B},
  volume={322},
  pages={32-33}
}

@article{Paul:2006,
  author={H. Paul},
  year={2006},
  journal={Nucl. Inst. Meth. Phys. Res. B},
  volume={247},
  pages={166-172}
}

@article{Paul:2007,
  author={H. Paul},
  year={2007},
  journal={Nucl. Inst. Meth. Phys. Res. B},
  volume={261},
  pages={1176-1179}
}

@article{Ziegler:2004,
  author={J. F. Ziegler},
  year={2004},
  journal={Nucl. Inst. Meth. Phys. Res. B},
  volume={219-220},
  pages={1027-1036}
}

@article{Yuan:1993,
  author={B. Yuan and F. C. Yu and S. M. Tang},
  year={1993},
  journal={Nucl. Inst. Meth. Phys. Res. B},
  volume={83},
  pages={413-418}
}

@article{Mayer:2011,
  author={M. Mayer and W. Eckstein and H. Langhuth and F. Schiettekatte and U. von Toussaint},
  year={2011},
  journal={Nucl. Inst. Meth. Phys. Res. B},
  volume={269},
  pages={3006-3013}
}

@article{Li:2005,
  author={H. M. Li and Z. J. Ding},
  year={2011},
  journal={Scanning},
  volume={27},
  pages={254-267}
}

@article{Li:2008,
  author={Y. G. Li and S. F. Mao and H. M. Li and S. M. Xiao and Z. J. Ding},
  year={2008},
  journal={J. Appl. Phys.},
  volume={104},
  pages={064901}
}

@article{Li:2009,
  author={Y. G. Li and Z. J. Ding and Z. M. Zhang},
  year={2009},
  journal={J. Appl. Phys.},
  volume={106},
  pages={024316}
}

@article{Zhang:2011,
  author={P. Zhang and H. Y. Wang and Y. G. Li and S. F. Mao and Z. J. Ding},
  year={2011},
  journal={Scanning},
  volume={33},
  pages={1-6}
}

@book{Li2:2011,
  author={Y. G. Li and S. F. Mao and Z. J. Ding},
  title={Applications of Monte Carlo Method in Science and Engineering: Chapter 11. Monte Carlo Simulation of SEM and SAM Images},
  publisher={Eds. S. Mark and S. Mordechai, InTech-Open Access Publisher},
  year={2011},
  address={},
  edition={}
}
% ISBN: 978-953-307-691-1

@article{Li:2013,
  author={Y. G. Li and P. Zhang and Z. J. Ding},
  year={2013},
  journal={Scanning},
  volume={35},
  pages={127-139}
}

% Physical models
@article{Biersack:1980,
  author={J. P. Biersack and L. G. Haggmark},
  year={1980},
  journal={Nucl. Inst. Meth.},
  volume={174},
  pages={257-269}
}

@article{Sommerfeld:1932,
  author={A. Sommerfeld},
  year={1948},
  journal={Z. Phys.},
  volume={78},
  pages={283-309}
}

@article{Lenz:1932,
  author={W. Lenz},
  year={1932},
  journal={Z. F. Physik},
  volume={77},
  pages={713-722}
}

@article{Moliere:1947,
  author={G. Moliere},
  year={1947},
  journal={Z. Naturforschung},
  volume={2a},
  pages={133-145}
}

@article{Bohr:1948,
  author={N. Bohr},
  year={1948},
  journal={Mat. Fys. Medd. Dan. Vid. Selsk.},
  volume={18},
  pages={142-143}
}

@article{Bohr2:1948,
  author={N. Bohr and K. Dan},
  year={1948},
  journal={Vid. Selsk. Mat.-Fys. Medd.},
  volume={18},
  pages={8}
}

@article{Chu:1976,
  author={W. K. Chu},
  year={1976},
  journal={Phys. Rev. A},
  volume={13},
  pages={2057}
}

@article{Yang:1991,
  author={Q. Yang and D. J. O'Connor and Z. Wang},
  year={1991},
  journal={Nucl. Inst. Meth. Phys. Res. B},
  volume={62},
  pages={149}
}

@article{Bragg:1905,
  author={W. H. Bragg and R. Kleeman},
  year={1905},
  journal={Phil. Mag.},
  volume={10},
  pages={318}
}

@article{Kinchin:1955,
  author={G. H. Kinchin and R. S. Pease},
  year={1955},
  journal={Rep. Prog. Phys.},
  volume={18},
  pages={1-51}
}

@article{Norgett:1975,
  author={M. J. Norgett and M. T. Robinson and I. M. Torrens},
  year={1975},
  journal={Nucl. Eng. Des.},
  volume={33},
  pages={50-54}
}

@article{Stoller:2013,
  author={R. E. Stoller and M. B. Toloczko and G. S. Was and A. G. Certain and S. Dwaraknath and F. A. Garner},
  year={2013},
  journal={Nucl. Inst. Meth. Phys. Res. B},
  volume={310},
  pages={75-80}
}

@article{Li:2003,
  author={J. Li},
  year={2003},
  journal={Modelling Simul. Mater. Sci. Eng.},
  volume={11},
  pages={173-177; http://li.mit.edu/Archive/Graphics/A/.}
}

@article{Geuzaine:2009,
  author={C. Geuzaine and J.-F. Remacle},
  year={2009},
  journal={Inter. J. Nume. Meth. Eng.},
  volume={79},
  pages={1309-1331; http://geuz.org/gmsh/.}
}

@article{ParaView:2015,
  author={},
  year={},
  journal={Paraview,},
  volume={},
  pages={http://www.paraview.org/.}
}

@article{Vanithakumari:2008,
  author={S. C. Vanithakumari and K. K. Nanda},
  year={2008},
  journal={Phys. Lett. A},
  volume={372},
  pages={6930–6934}
}

@article{Ouyang:2008,
  author={G. Ouyang and X. L. Li and X. Tan and G. W. Yang},
  year={2008},
  journal={Nanotech.},
  volume={19},
  pages={045709}
}

@article{Derlet:2007,
  author={P. M. Derlet and D. Nguyen-Manh and S. L. Dudarev},
  year={2007},
  journal={Phys. Rev. B},
  volume={76},
  pages={054107}
}

@article{Becquart:2007,
  author={C. S. Becquart and C. Domain},
  year={2007},
  journal={Nucl. Instr. Methods Phys. Res. B},
  volume={255},
  pages={23-26}
}

@article{Cui:2013,
  author={A. Cui and J. C. Fenton and W.X. Li and Tiehan H. Shen and Z. Liu and Q. Luo and C.Z. Gu},
  year={2013},
  journal={Appl. Phys. Lett.},
  volume={102},
  pages={213112}
}

@article{Li:2012,
  author={Y. G. Li and W. H. Zhou and R. H. Ning and L. F. Huang and Z. Zeng and X. Ju},
  year={2012},
  journal={Commun. Comput. Phys.},
  volume={11},
  pages={1547-1568}
}

@article{GNU:2007,
  author={},
  year={2007},
  journal={GNU general public license,},
  volume={},
  pages={http://www.gnu.org/licenses/gpl.html.}
}

@article{IM3D-ISSP:2015,
  author={},
  year={},
  journal={IM3D code,},
  volume={},
  pages={http://theory.issp.ac.cn/.../IM3D.}
}

@article{IM3D-MIT:2015,
  author={},
  year={},
  journal={IM3D code,},
  volume={},
  pages={http://li.mit.edu/.../IM3D.}
}


@article{Li:2015,
  author={Y. G. Li and Y. Yang and M. Short and Z. J. Ding and Z. Zeng and J. Li},
  year={2015},
  journal={},
  volume={to be published},
  pages={}
}


@article{Ouyang:2008,
  author={G. Ouyang and X. L. Li and X. Tan and G. W. Yang},
  year={2008},
  journal={Nanotech.},
  volume={19},
  pages={045709}
}

@article{Yang:2014,
  author={C. C. Yang and Y. W. Mai},
  year={2014},
  journal={Mater. Sci. Eng. R},
  volume={79},
  pages={1-40}
}

@article{Jiang:2008,
  author={Q. Jiang and H. M. Lu},
  year={2008},
  journal={Surf. Sci. Rep.},
  volume={63},
  pages={427-464}
}

@article{Yang:2006,
  author={C. C. Yang and M. X. Xiao and W. Li and Q. Jiang},
  year={2006},
  journal={Solid State Comm.},
  volume={139},
  pages={148-152}
}

@article{Gonzalez-Arrabal:2014,
  author={R. Gonzalez-Arrabal and M. Panizo-Laiz and N. Gordillo and E. Tejado and F. Munnik and A. Rivera and J. M. Perlado},
  year={2014},
  journal={J. Nucl. Mater.},
  volume={453},
  pages={287-295}
}

@article{Hu:2015,
  author={L. Hu and Y. G. Li and C. G. Zhang and Z. Zeng},
  year={2015},
  journal={},
  volume={to be published},
  pages={}
}

@article{Bragg:1905,
  author={W. H. Bragg and R. Kleeman},
  year={1905},
  journal={Phil. Mag.},
  volume={10},
  pages={318}
}

